
@article{Aad:2011mk,
    author         = "Aad, Georges and others",
    title          = "{Electron performance measurements with the ATLAS
                    detector using the 2010 LHC proton-proton collision data}",
    collaboration  = "ATLAS",
    journal        = "Eur.Phys.J.",
    volume         = "C72",
    pages          = "1909",
    doi            = "10.1140/epjc/s10052-012-1909-1",
    year           = "2012",
    eprint         = "1110.3174",
    archivePrefix  = "arXiv",
    primaryClass   = "hep-ex",
    reportNumber   = "CERN-PH-EP-2011-117",
    SLACcitation   = "%%CITATION = ARXIV:1110.3174;%%",
}


@article{1748-0221-5-11-P11006,
    author        = {E Abat and others},
    title         = {Combined performance studies for electrons at the 2004 ATLAS combined test-beam},
    collaboration = "ATLAS",
    journal       = {Journal of Instrumentation},
    volume        = {5},
    number        = {11},
    pages         = {P11006},
    url           = {http://stacks.iop.org/1748-0221/5/i=11/a=P11006},
    year          = {2010}
}
